@Book{BOOK,
  Author         = "Andrew S. Tanenbaum and Maarten van Steen",
  Title          = "Distributed Systems: Principles and Paradigms",
  Publisher      = "Prentice Hall",
  isbn           = {0130888931},
  price          = {$108.00},
  year           = 2002
}

@Misc{entry-1,
  Title          = {The {S}pread {T}oolkit},
  HowPublished   = {http://www.spread.org}
}

@Article{JWB,
  Author         = {John W. Byers, Michael Luby, Ashutosh Rege},
  Title          = {A {D}igital {F}ountain {A}pproach to {R}eliable
                   {D}istribution of {B}ulk {D}ata}
}

@Article{EKL05,
  Author         = {Eng Keong Lua, Jon Crowcroft, Marcelo Pias},
  Title          = {A survey and comparison of {P}eer-to-{P}eer overlay
                   network schemes},
  Journal        = {IEEE Communications Surveys},
  year           = 2005
}

@Misc{entry-0,
  Title          = {The i{F}older {P}roject},
  HowPublished   = {http://www.ifolder.com}
}

@Misc{entry-0b,
  Title          = {Wikipedia - {SOAP}},
  HowPublished   = {http://en.wikipedia.org/wiki/SOAP}
}

@Misc{JRS02,
  Author         = {{Jonathan R. Stanton}},
  Title          = {A users guide to {S}pread. {V}ersion 0.11},
  month          = {21 } # oct,
  year           = 2002
}

@Article{MR95,
  Author         = {M. Raynal, M. Singhal},
  Title          = {Logical {T}ime: {A} {W}ay to {C}apture {C}ausality in
                   {D}istributed {S}ystems},
  year           = 1995
}

@Article{AR,
	Author      = {Antony Rowstron, Peter Druschel},
	Title		= {Pastry: {S}calable, decentralized object location and 
					routing for large-scale peer-to-peer systems}
}

@Misc{GT,
	Title           =	{Wikipedia - {Gnutella}},
	HowPublished	=	{http://en.wikipedia.org/wiki/Gnutella}
}

@Misc{parsers-0,
  Title          = {Parsers {XML} y el Modelo de Objeto Documento ({DOM})},
  HowPublished   = {http://flanagan.ugr.es/xml/parser.htm}
}

@Misc{parsers-1,
  Title          = {{DOM}, {SAX}, {JDOM} y {JAXP} en {XML}},
  HowPublished   = {http://www.osmosislatina.com/xml/domsax.htm}
}

@Misc{parsers-comp,
  Title          = {Find {B}est {XML} {P}arsers for {P}rojects},
  HowPublished   = {http://www.idevnews.com/TipsTricks.asp?ID=56}
}

@Misc{XPB4J,
  Title          = {{XML} {P}rocessing {M}easurements using {XPB4J}},
  HowPublished   = {http://www.pankaj-k.net/xpb4j/docs/Measurements-May30/measurements-May30-2002.html}
}

@Misc{xmlpull,
  Title          = {{XML} {P}ull {P}arsing},
  HowPublished   = {http://www.xmlpull.org/}
}

@Misc{SAX,
  Title          = {SAX},
  HowPublished   = {http://www.saxproject.org/}
}

@Misc{PXC,
    Title         = {Sesi\'on PXC: Interacci\'on entre aplicaciones con XML},
    HowPublished  = {http://studies.ac.upc.edu/FIB/PXC/lab/\_xml/pxc\_xml.pdf}
}

